@book{glasman2010science,
  title={Science research writing for non-native speakers of English},
  author={Glasman-Deal, Hilary},
  year={2010},
  publisher={World Scientific}
}

@book{gustavii2016write,
  title={How to write and illustrate a scientific paper},
  author={Gustavii, Bj{\"o}rn},
  year={2016},
  publisher={Cambridge University Press}
}

@INBOOK{chicago,
   title = "The Chicago Manual of Style",
   publisher = "University of Chicago Press",
   edition = "Thirteenth",
   year = 1982,
   pages = "400--401",
   key = "Chicago"
   }

@BOOK{texbook,
   author = "Donald E. Knuth",
   title= "The {{\texttt{TeX}}book}",
   publisher = "Addison-Wesley",
   year = 1984
   }

@BOOK{latexbook,
   author = "Leslie Lamport",
   title = "{\texttt{LaTeX} \rm:} {A} Document Preparation System",
   publisher = "Addison-Wesley",
   year = 1986
   }

@UNPUBLISHED{btxdoc,
   author = "Oren Patashnik",
   title = "{Using BibTeX}",
   note = "Documentation for general BibTeX users",
   month = jan,
   year = 1988
   }

@UNPUBLISHED{btxhak,
   author = "Oren Patashnik",
   title = "Designing BibTeX Styles",
   note = "The part of BibTeX's documentation
                            that's not meant for general users",
   month = jan,
   year = 1988
   }

@BOOK{strunk,
   author = "Strunk, Jr., William and E. B. White",
   title = "The Elements of Style",
   publisher = "Macmillan",
   edition = "Third",
   year = 1979
   }

@book{vanleunen,
   title = "A Handbook for Scholars",
   author = "Mary-Claire van Leunen",
   publisher = "Knopf",
   year = "1979"
   }

@ONLINE{newtest,
  author = {Bruin, J.},
  title = {Newtest: command to compute new test {@ONLINE}},
  month = FEB,
  year = {2011},
  url = {http://www.ats.ucla.edu/stat/stata/ado/analysis/}
}